<?xml version="1.0" encoding="UTF-8"?><collection><record><leader>07696ntm a2200613 a 4500</leader><controlfield tag="001">006818827</controlfield><controlfield tag="003">MiAaHDL</controlfield><controlfield tag="005">20190719000000.0</controlfield><controlfield tag="006">m        d        </controlfield><controlfield tag="007">cr bn ---auaua</controlfield><controlfield tag="008">090615s1848    xx            00| ||ota d</controlfield><datafield tag="035" ind1=" " ind2=" "><subfield code="a">(MiU)006818827</subfield></datafield><datafield tag="035" ind1=" " ind2=" "><subfield code="a">sdr-miu006818827</subfield></datafield><datafield tag="040" ind1=" " ind2=" "><subfield code="a">MiU</subfield><subfield code="c">MiU</subfield><subfield code="e">amremm</subfield></datafield><datafield tag="041" ind1="0" ind2=" "><subfield code="a">ota</subfield></datafield><datafield tag="043" ind1=" " ind2=" "><subfield code="a">n-us-mi</subfield></datafield><datafield tag="100" ind1="0" ind2=" "><subfield code="6">880-01</subfield><subfield code="a">Karaçelebizade Abdülaziz,</subfield><subfield code="d">1591-1658.</subfield></datafield><datafield tag="245" ind1="1" ind2="3"><subfield code="6">880-03</subfield><subfield code="a">el-Fevayihü'n-nebeviye fi's-siyeri'l-Mustafaviye,</subfield><subfield code="f">[1264, i.e. 1848].</subfield></datafield><datafield tag="246" ind1="3" ind2=" "><subfield code="i">Title from inscription on recto of opening leaf carrying table of contents (p.3):</subfield><subfield code="a">Favaij al-nubuwwa</subfield></datafield><datafield tag="246" ind1="3" ind2=" "><subfield code="a">Fevayih ün-nebeviye fi es-siyer il-Mustafaviye</subfield></datafield><datafield tag="246" ind1="3" ind2=" "><subfield code="a">Fawāʼiḥ al-nabawīyah fī al-siyar al-Muṣṭafawīyah</subfield></datafield><datafield tag="260" ind1=" " ind2=" "><subfield code="c">[1848].</subfield></datafield><datafield tag="300" ind1=" " ind2=" "><subfield code="a">226 leaves :</subfield><subfield code="b">paper ;</subfield><subfield code="c">276 x 160 (187 x 77) mm.</subfield></datafield><datafield tag="500" ind1=" " ind2=" "><subfield code="a">Shelfmark: Ann Arbor, University of Michigan, Special Collections Library, Isl. Ms. 376</subfield></datafield><datafield tag="500" ind1=" " ind2=" "><subfield code="a">Origin: As appears in colophon on p.460, copied from the sound copy in the possession of Şeyhülislam Ahmet Ârif Hikmet Bey Efendi ( احمد عارف حكمت بك افندى , d.1859, son of İbrahim İsmet Bey Efendi) by the son of (Necl) Meşrepzade [Meşrebzade] Ali Raik ( نجل مشرب زاده على رائق / Najl Mashrabʻzādah ʻAlī Rāʼiq) with transcription completed 3 Ṣafar 1264 [January 1848].</subfield></datafield><datafield tag="500" ind1=" " ind2=" "><subfield code="a">Accompanying materials: Piece of yellow-tinted European laid paper carrying a sample of calligraphy in naskh (nesih) executed by Mustafa known as Bektaş Ağazade (مصطفى الشهير ببكتاش اغا زاده) found between pp.272-273.</subfield></datafield><datafield tag="500" ind1=" " ind2=" "><subfield code="a">Former shelfmark: "357 T. De M. [i.e. Tammaro De Marinis]" inscribed in pencil on verso of front flyleaf (p.2).</subfield></datafield><datafield tag="500" ind1=" " ind2=" "><subfield code="a">Binding: Pasteboards covered in green leather ; Type II binding (with flap) ; pastedowns and flyleaves in gold-flecked pink 'marbled' paper ; upper and lower covers carry exquisite recessed stamped (with gold-painted recessed onlays) mandorla filled with vegetal composition (compare Déroche class. NSd) and pendants with tooled rosette and gold-painted accents, as well as tooled border in a series of s-shaped stamps ; design continues on flap ; sewn in pink and yellow (from p.240) thread, two stations ; worked chevron endbands in pink and yellow, good condition ; overall in fair condition with some abrasion, lifting of leather, etc.</subfield></datafield><datafield tag="500" ind1=" " ind2=" "><subfield code="a">Support: European wove paper, light brown in color, highly sized and burnished, quite crisp though sturdy.</subfield></datafield><datafield tag="500" ind1=" " ind2=" "><subfield code="a">Decoration: Elegant illuminated headpiece (ʻunwān / sarlawḥ) at opening of table of contents on p.4, consisting of rectangular piece with empty gold cartouche flanked by floral motifs in pink, red, yellow, green, etc. on fields of gold, surmounted by scalloped dome or w-shaped piece filled with swirling floral vegetal composition in green, light blue, pink, red, yellow, etc. on a gold ground, itself surmounted by vertical stalks (tīgh) in blue with gold and red accents, entire piece set in a well of dark pink blended with white ; another brilliant illuminated headpiece (ʻunwān / sarlawḥ) at opening of text on p.12, consisting of rectangular piece with empty gold cartouche flanked by floral motifs in pink, red and yellow on fields of lapis / cobalt and gold, surmounted by scalloped w-shaped piece filled with swirling floral vegetal composition in gold, pink, yellow, red, etc. on a lapis / cobalt ground with gold accents, itself surmounted by elaborate vertical stalks (tīgh) in blue with gold and red accents, entire piece set in a well of red blended with yellow ; written area surrounded by heavy gold frame defined by black fillets with outermost red rule, divisions within (table of contents, poetic passages, etc.) defined by narrow faint gold bands outlined by black fillets ; section headings, key words and passages, etc. rubricated or overlined in red ; simple illuminated tailpiece on p.460 consisting of vegetal designs flanking the close of the text.</subfield></datafield><datafield tag="500" ind1=" " ind2=" "><subfield code="a">Script: Nastaʻlīq (talik) ; small, compact Turkish hand ; serifless with effect of words descending to baseline, some elongation of horizontal strokes, mainly closed counters, pointing in strokes rather than distinct dots ; partially vocalized.</subfield></datafield><datafield tag="500" ind1=" " ind2=" "><subfield code="a">Layout: Written in 27 lines per page ; frame-ruled.</subfield></datafield><datafield tag="500" ind1=" " ind2=" "><subfield code="a">Collation: i, 22 V(220), III (226), i ; almost exclusively quinions ; catchwords present ; foliation in black ink, Hindu-Arabic numerals ; pagination in pencil, Western numerals, supplied during digitization (includes flyleaves).</subfield></datafield><datafield tag="500" ind1=" " ind2=" "><subfield code="a">Colophon: "Scribal," triangular, reads "قد تم تسطير هذا الكتاب المستطاب بعون الله وتوفيق الملك الوهاب من النسخة الصحيحة الشريفة المجلية والنفيسة اللطيفة التى استصحبها ملجاء الفحول والفضلاء ومرجع المخارير والعلماء نسخة مشايخ الاسلام وعمدة العلماء الاعلام اعنى به عصمت بك افندى زاده السيد الحاج احمد عارف حكمت بك افندى ادامه الله تعالى بالعز الابدى وكان الباعث تحرير الكتاب ترغيب وتشويق من ذلك الجناب وانا الفقير الى الاء ربه الخالق نجل مشرب زاده على رائق وكان الفراغ من تهزيز براعة [؟] التحرير في اليوم الثالث من صفر الخير لسنه اربع وستين ومائتين والف من هجرة من برى من امام وخلف تم"</subfield></datafield><datafield tag="500" ind1=" " ind2=" "><subfield code="a">Explicit: "اقدام وحصين صعب بن معاذ استحلاصنى [استخلاصنى] نصب العين اهتمام ايتديلر"</subfield></datafield><datafield tag="500" ind1=" " ind2=" "><subfield code="a">Incipit: "پیشكاه باركاه كبريا ... و تعظيم تحفۀ حمد وسپاس تقديم اولنوب ... حقير قره چلبي زاده عبد العزيز فقير اولدركه اكر چه اول فرمان فرمانى باركاه رسالت ... الفوائح النبويه في السير المصطفويه نام درج الدرده درج وتنظيم اولنوب ..."</subfield></datafield><datafield tag="500" ind1=" " ind2=" "><subfield code="a">Title from opening matter on p.14.</subfield></datafield><datafield tag="500" ind1=" " ind2=" "><subfield code="a">Ms. codex.</subfield></datafield><datafield tag="510" ind1="4" ind2=" "><subfield code="a">Ḥājjī Khalīfah. Kashf al-ẓunūn,</subfield><subfield code="c">2/1293</subfield></datafield><datafield tag="520" ind1="8" ind2=" "><subfield code="a">Elegant copy of the work on the Prophet attributed to Karaçelebizade Abdülaziz Efendi (d.1658). Table of contents at opening.</subfield></datafield><datafield tag="538" ind1=" " ind2=" "><subfield code="a">Mode of access: Internet.</subfield></datafield><datafield tag="541" ind1=" " ind2=" "><subfield code="c">Purchase ;</subfield><subfield code="a">Acquired by purchase (funds donated by Horace Rackham).</subfield><subfield code="d">1924.</subfield></datafield><datafield tag="546" ind1=" " ind2=" "><subfield code="a">Ottoman Turkish.</subfield></datafield><datafield tag="561" ind1=" " ind2=" "><subfield code="a">Former owners' marks on 'title page' (p.3) include ownership statement in name of one ʻĀlī (Âli / عالى) dated 1285 [1868 or 9] and oval / circular seal impression ; fairly clean copy.</subfield></datafield><datafield tag="600" ind1="0" ind2="0"><subfield code="a">Muḥammad,</subfield><subfield code="c">Prophet,</subfield><subfield code="d">-632</subfield><subfield code="v">Early works to 1800.</subfield></datafield><datafield tag="650" ind1=" " ind2="0"><subfield code="a">Manuscripts, Turkish</subfield><subfield code="z">Michigan</subfield><subfield code="z">Ann Arbor.</subfield></datafield><datafield tag="650" ind1=" " ind2="0"><subfield code="a">Islam</subfield><subfield code="x">History</subfield><subfield code="v">Early works to 1800.</subfield></datafield><datafield tag="655" ind1=" " ind2="7"><subfield code="a">Headpieces (layout features)</subfield><subfield code="y">19th century.</subfield><subfield code="2">aat</subfield></datafield><datafield tag="700" ind1="0" ind2=" "><subfield code="a">Abdülhamid</subfield><subfield code="b">II,</subfield><subfield code="c">Sultan of the Turks,</subfield><subfield code="d">1842-1918,</subfield><subfield code="e">former owner.</subfield></datafield><datafield tag="700" ind1="0" ind2=" "><subfield code="6">880-07</subfield><subfield code="a">Necl-i Meşrepzade Ali Raik,</subfield><subfield code="d">fl. 1848,</subfield><subfield code="e">scribe.</subfield></datafield><datafield tag="773" ind1="0" ind2=" "><subfield code="a">Abdul Hamid Collection.</subfield></datafield><datafield tag="880" ind1="0" ind2=" "><subfield code="6">700-07/</subfield><subfield code="a">نجل مشرب زاده على رائق,</subfield><subfield code="e">ناسخ.</subfield></datafield><datafield tag="880" ind1="1" ind2="2"><subfield code="6">245-03/</subfield><subfield code="a">الفوائح النبويه في السير المصطفويه,</subfield><subfield code="f">[1264ه، 1848م].</subfield></datafield><datafield tag="880" ind1="0" ind2=" "><subfield code="6">100-01/</subfield><subfield code="a">قره چلبي زاده عبد العزيز.</subfield></datafield><datafield tag="CID" ind1=" " ind2=" "><subfield code="a">006818827</subfield></datafield><datafield tag="DAT" ind1="0" ind2=" "><subfield code="a">20190719102639.0</subfield><subfield code="b">20190719000000.0</subfield></datafield><datafield tag="DAT" ind1="1" ind2=" "><subfield code="a">20190719090653.0</subfield><subfield code="b">2019-07-19T16:10:59Z</subfield></datafield><datafield tag="DAT" ind1="2" ind2=" "><subfield code="a">2015-10-10T18:00:06Z</subfield></datafield><datafield tag="CAT" ind1=" " ind2=" "><subfield code="a">SDR-MIU</subfield><subfield code="d">EX LIBRIS - ALEPH</subfield><subfield code="l">prepare.pl-004-008</subfield></datafield><datafield tag="FMT" ind1=" " ind2=" "><subfield code="a">BK</subfield></datafield><datafield tag="HOL" ind1=" " ind2=" "><subfield code="0">sdr-miu006818827</subfield><subfield code="a">MiU</subfield><subfield code="b">SDR</subfield><subfield code="c">MIU</subfield><subfield code="p">mdp.39015079130160</subfield><subfield code="s">MIU</subfield><subfield code="1">006818827</subfield></datafield><datafield tag="974" ind1=" " ind2=" "><subfield code="b">MIU</subfield><subfield code="c">MIU</subfield><subfield code="d">20190719</subfield><subfield code="s">lit-dlps-dc</subfield><subfield code="u">mdp.39015079130160</subfield><subfield code="y">1848</subfield><subfield code="r">pd</subfield><subfield code="q">bib</subfield><subfield code="t">non-US bib date1 &lt; 1879</subfield></datafield></record></collection>